<record xmlns="http://www.loc.gov/MARC21/slim" xmlns:xsi="http://www.w3.org/2001/XMLSchema-instance" xsi:schemaLocation="http://www.loc.gov/MARC21/slim http://www.loc.gov/standards/marcxml/schema/MARC21slim.xsd"><leader>02061nam a2200445   4500</leader><controlfield tag="001">001680054</controlfield><controlfield tag="003">NNU</controlfield><controlfield tag="006">m        d        </controlfield><controlfield tag="007">cr cn |||m|||a</controlfield><controlfield tag="008">150110s1948    le      ob    001 0 ara d</controlfield><datafield ind1=" " ind2=" " tag="040"><subfield code="a">NNU</subfield><subfield code="b">eng</subfield><subfield code="c">NNU</subfield></datafield><datafield ind1=" " ind2=" " tag="043"><subfield code="a">aw-----</subfield></datafield><datafield ind1=" " ind2="4" tag="050"><subfield code="a">PJ7750 A25</subfield><subfield code="b">Z65 1948</subfield></datafield><datafield ind1="1" ind2=" " tag="100"><subfield code="6">880-01</subfield><subfield code="a">Farr&#363;kh, &#699;Umar,</subfield><subfield code="d">1906-</subfield></datafield><datafield ind1="1" ind2="0" tag="245"><subfield code="6">880-02</subfield><subfield code="a">H&#803;aki&#772;m al-Ma&#699;arrah</subfield><subfield code="h">[electronic resource] :</subfield><subfield code="b">Ah&#803;mad ibn &#699;Abd Alla&#772;h ibn Sulayma&#772;n al-Ma&#699;arri&#772; /</subfield><subfield code="c">ta&#700;li&#772;f &#699;Umar Farru&#772;kh.</subfield></datafield><datafield ind1=" " ind2=" " tag="250"><subfield code="6">880-03</subfield><subfield code="a">al-T&#803;ab&#699;ah 2.</subfield></datafield><datafield ind1=" " ind2=" " tag="260"><subfield code="6">880-04</subfield><subfield code="a">Bayru&#772;t :</subfield><subfield code="b">Mat&#803;ba&#699;at al-Kashsha&#772;f,</subfield><subfield code="c">1948.</subfield></datafield><datafield ind1=" " ind2=" " tag="300"><subfield code="a">online resource (135 p.)</subfield></datafield><datafield ind1="0" ind2=" " tag="490"><subfield code="6">880-05</subfield><subfield code="a">Silsilat al-Kashsha&#772;f al-adabi&#772;yah ;</subfield><subfield code="v">8</subfield></datafield><datafield ind1=" " ind2=" " tag="500"><subfield code="a">Cover title: Sage of al-Ma&#699;arra.</subfield></datafield><datafield ind1=" " ind2=" " tag="500"><subfield code="a">Part of the Arabic Collections Online (ACO) project, contributed by New York Univeristy Libraries.</subfield></datafield><datafield ind1=" " ind2=" " tag="504"><subfield code="a">Includes bibliographical references and index.</subfield></datafield><datafield ind1=" " ind2=" " tag="533"><subfield code="a">Electronic reproduction.</subfield><subfield code="b">New York, N.Y. :</subfield><subfield code="c">New York University,</subfield><subfield code="d">2015.</subfield><subfield code="5">NNU</subfield></datafield><datafield ind1="0" ind2="0" tag="600"><subfield code="a">Ab&#363; al-&#699;Al&#257;&#700; al-Ma&#699;arr&#299;,</subfield><subfield code="d">973-1057.</subfield></datafield><datafield ind1=" " ind2="0" tag="650"><subfield code="a">Poets, Arab</subfield><subfield code="z">Islamic Empire</subfield><subfield code="v">Biography.</subfield></datafield><datafield ind1=" " ind2="7" tag="650"><subfield code="a">Poets, Arab.</subfield><subfield code="2">fast</subfield><subfield code="0">(OCoLC)fst01067812</subfield></datafield><datafield ind1=" " ind2="7" tag="651"><subfield code="a">Islamic Empire.</subfield><subfield code="2">fast</subfield><subfield code="0">(OCoLC)fst01244134</subfield></datafield><datafield ind1=" " ind2="7" tag="655"><subfield code="a">Biography.</subfield><subfield code="2">fast</subfield><subfield code="0">(OCoLC)fst01423686</subfield></datafield><datafield ind1="2" ind2=" " tag="710"><subfield code="a">New York University.</subfield><subfield code="b">Libraries.</subfield></datafield><datafield ind1="0" ind2=" " tag="730"><subfield code="a">Arabic Collections Online.</subfield></datafield><datafield ind1="0" ind2=" " tag="740"><subfield code="a">Sage of al-Ma&#699;arra.</subfield></datafield><datafield ind1="0" ind2="8" tag="776"><subfield code="i">Print version:</subfield><subfield code="a">Farr&#363;kh, &#699;Umar, 1906- 880-01</subfield><subfield code="t">H&#803;aki&#772;m al-Ma&#699;arrah</subfield><subfield code="w">(NNU)001680054</subfield></datafield><datafield ind1="4" ind2="0" tag="856"><subfield code="u">http://hdl.handle.net/2333.1/3n5tb4g5</subfield></datafield><datafield ind1="1" ind2=" " tag="880"><subfield code="6">100-01/</subfield><subfield code="a">&#1601;&#1585;&#1608;&#1582;&#1548; &#1593;&#1605;&#1585;&#1548;</subfield><subfield code="d">1906-</subfield></datafield><datafield ind1="1" ind2="0" tag="880"><subfield code="6">245-02/</subfield><subfield code="a">&#1581;&#1603;&#1610;&#1605; &#1575;&#1604;&#1605;&#1593;&#1585;&#1577; :</subfield><subfield code="b">&#1571;&#1581;&#1605;&#1583; &#1576;&#1606; &#1593;&#1576;&#1583; &#1575;&#1604;&#1604;&#1607; &#1576;&#1606; &#1587;&#1604;&#1610;&#1605;&#1575;&#1606; &#1575;&#1604;&#1605;&#1593;&#1585;&#1610; /</subfield><subfield code="c">&#1578;&#1571;&#1604;&#1610;&#1601; &#1593;&#1605;&#1585; &#1601;&#1585;&#1608;&#1582;.</subfield></datafield><datafield ind1=" " ind2=" " tag="880"><subfield code="6">250-03/</subfield><subfield code="a">&#1575;&#1604;&#1591;&#1576;&#1593;&#1577; 2.</subfield></datafield><datafield ind1=" " ind2=" " tag="880"><subfield code="6">260-04/</subfield><subfield code="a">&#1576;&#1610;&#1585;&#1608;&#1578; :</subfield><subfield code="b">&#1605;&#1591;&#1576;&#1593;&#1577; &#1575;&#1604;&#1603;&#1588;&#1575;&#1601;&#1548;</subfield><subfield code="c">1948.</subfield></datafield><datafield ind1="0" ind2=" " tag="880"><subfield code="6">490-05/</subfield><subfield code="a">&#1587;&#1604;&#1587;&#1604;&#1577; &#1575;&#1604;&#1603;&#1588;&#1575;&#1601; &#1575;&#1604;&#1571;&#1583;&#1576;&#1610;&#1577; &#1563;</subfield><subfield code="v">8</subfield></datafield><datafield ind1=" " ind2=" " tag="959"><subfield code="a">NNU</subfield><subfield code="b">WEB</subfield><subfield code="c">GENI</subfield><subfield code="t">0</subfield><subfield code="m">Electronic access</subfield><subfield code="s">01</subfield></datafield><datafield ind1=" " ind2=" " tag="999"><subfield code="i">NNU_001680054</subfield><subfield code="o" /><subfield code="e">(ERROR-SERIES)</subfield></datafield></record>